@book{russell&norvig:aima,
 author = {Russell, Stuart and Norvig, Peter},
 title = {Artificial Intelligence: A Modern Approach},
 year = {2009},
 isbn = {0136042597, 9780136042594},
 edition = {3rd},
 publisher = {Prentice Hall Press},
}
@article{wooldridge:intelligentagents,
    author = {Michael Wooldridge and Nicholas R. Jennings},
    title = {Intelligent Agents: Theory and Practice},
    journal = {Knowledge Engineering Review},
    year = {1995},
    volume = {10},
    pages = {115--152}
}
@book{wooldridge:multiagent-systems,
 author = {Woolridge, Michael and Wooldridge, Michael J.},
 title = {Introduction to Multiagent Systems},
 year = {2001},
 isbn = {047149691X},
 publisher = {John Wiley \& Sons, Inc.},
}
@article{shoham:agentorientedprogramming,
 author = {Shoham, Yoav},
 title = {Agent-oriented Programming},
 journal = {Artif. Intell.},
 issue_date = {March 1993},
 volume = {60},
 number = {1},
 month = mar,
 year = {1993},
 issn = {0004-3702},
 pages = {51--92},
 numpages = {42},
 acmid = {152188},
 publisher = {Elsevier Science Publishers Ltd.},
}
@techreport{mascarenhas:social-importance,
	institution = {GAIPS - INESC-ID},
	keywords = {Intelligent Virtual Agents;Multi-Agent Societies;Affective Computing;},
	number = {GAIPS-TR-001-13},
	title = {Social importance dynamics: A model for culturally-adaptive agents},
	type = {GAIPS tech. rep. series},
	year = {2013},
	author = {Samuel Mascarenhas and Rui Prada and Ana Paiva}
}
@article{castelfranchi:socialactions,
title = "Modelling social action for AI agents",
journal = "Artificial Intelligence",
volume = "103",
number = "1",
pages = "157 - 182",
year = "1998",
issn = "0004-3702",
author = "Cristiano Castelfranchi",
keywords = "Social agent",
keywords = "Social structures",
keywords = "Dependence",
keywords = "BDI",
keywords = "Emergence",
keywords = "Cooperation",
}
@book{castelfranchi:individualsocialaction,
  title={Contemporary Action Theory Volume 2: Social Action},
  author={Holmstr{\"o}m-Hintikka, G. and Tuomela, R.},
  pages = "163 - 192",
  isbn={9780792347538},
  lccn={96052725},
  series={Synthese Library},
  year={1997},
  publisher={Springer Netherlands}
}
